@book{cep-book,
  title={The power of events},
  author={Luckham, David},
  volume={204},
  year={2002},
  publisher={Addison-Wesley Reading}
}

@article{ifp-survey,
  title={Processing flows of information: From data stream to complex event processing},
  author={Cugola, Gianpaolo and Margara, Alessandro},
  journal={ACM Computing Surveys (CSUR)},
  volume={44},
  number={3},
  pages={15},
  year={2012},
  publisher={ACM}
}

@inproceedings{dsms,
  title={Models and issues in data stream systems},
  author={Babcock, Brian and Babu, Shivnath and Datar, Mayur and Motwani, Rajeev and Widom, Jennifer},
  booktitle={Proceedings of the twenty-first ACM SIGMOD-SIGACT-SIGART symposium on Principles of database systems},
  pages={1--16},
  year={2002},
  organization={ACM}
}

@article{map-reduce,
  title={MapReduce: simplified data processing on large clusters},
  author={Dean, Jeffrey and Ghemawat, Sanjay},
  journal={Communications of the ACM},
  volume={51},
  number={1},
  pages={107--113},
  year={2008},
  publisher={ACM}
}

@article{trio,
  title={TRIO: A logic language for executable specifications of real-time systems},
  author={Ghezzi, Carlo and Mandrioli, Dino and Morzenti, Angelo},
  journal={Journal of Systems and software},
  volume={12},
  number={2},
  pages={107--123},
  year={1990},
  publisher={Elsevier}
}

@inproceedings{tesla,
  title={TESLA: a formally defined event specification language},
  author={Cugola, Gianpaolo and Margara, Alessandro},
  booktitle={Proceedings of the Fourth ACM International Conference on Distributed Event-Based Systems},
  pages={50--61},
  year={2010},
  organization={ACM}
}

@article{trex,
  title={Complex event processing with T-REX},
  author={Cugola, Gianpaolo and Margara, Alessandro},
  journal={Journal of Systems and Software},
  volume={85},
  number={8},
  pages={1709--1728},
  year={2012},
  publisher={Elsevier}
}

@article{trex-cuda,
  title={Low latency complex event processing on parallel hardware},
  author={Cugola, Gianpaolo and Margara, Alessandro},
  journal={Journal of Parallel and Distributed Computing},
  volume={72},
  number={2},
  pages={205--218},
  year={2012},
  publisher={Elsevier}
}

@article{cache-survey,
  title={A survey of web cache replacement strategies},
  author={Podlipnig, Stefan and B{\"o}sz{\"o}rmenyi, Laszlo},
  journal={ACM Computing Surveys (CSUR)},
  volume={35},
  number={4},
  pages={374--398},
  year={2003},
  publisher={ACM}
}

@inproceedings{gds1,
  title={Cost-Aware WWW Proxy Caching Algorithms.},
  author={Cao, Pei and Irani, Sandy},
  booktitle={Usenix symposium on internet technologies and systems},
  volume={12},
  number={97},
  pages={193--206},
  year={1997}
}

@book{gdsf,
  title={Improving WWW proxies performance with greedy-dual-size-frequency caching policy},
  author={Cherkasova, Ludmila},
  year={1998},
  publisher={Hewlett-Packard Laboratories}
}
